@article{Akra1998,
  author    = {Mohamad Akra and
               Louay Bazzi},
  title     = {On the Solution of Linear Recurrence Equations},
  journal   = {Computational Optimization and Applications},
  volume    = {10},
  number    = {2},
  pages     = {195--210},
  month     = {5},
  year      = {1998},
  issn      = {0926-6003},
  url       = {http://dx.doi.org/10.1023/A:1018373005182},
  doi       = {10.1023/A:1018373005182},
  timestamp = {Sun, 27 Sep 2015 19:14:04 +0200},
  biburl    = {http://dblp.uni-trier.de/rec/bib/journals/coap/AkraB98},
  bibsource = {dblp computer science bibliography, http://dblp.org}
}

@article{Bentley1976,
  author    = {Jon Louis Bentley and
               Andrew Chi{-}Chih Yao},
  title     = {An Almost Optimal Algorithm for Unbounded Searching},
  journal   = {Information Processing Letters},
  volume    = {5},
  number    = {3},
  pages     = {82--87},
  month = {8},
  year      = {1976},
  issn = {0020-0190},
  url       = {http://dx.doi.org/10.1016/0020-0190(76)90071-5},
  doi       = {10.1016/0020-0190(76)90071-5},
  timestamp = {Thu, 07 Jul 2011 15:51:05 +0200},
  biburl    = {http://dblp.uni-trier.de/rec/bib/journals/ipl/BentleyY76},
  bibsource = {dblp computer science bibliography, http://dblp.org}
}

@article{Chitturi2009,
  author    = {Bhadrachalam Chitturi and
               William Fahle and
               Z. Meng and
               Linda Morales and
               C. O. Shields Jr. and
               Ivan Hal Sudborough and
               Walter Voit},
  title     = {An (18/11)n upper bound for sorting by prefix reversals},
  journal   = {Theoretical Computer Science},
  volume    = {410},
  number    = {36},
  pages     = {3372--3390},
  month = {8},
  year      = {2009},
  issn = {0304-3975},
  url       = {http://dx.doi.org/10.1016/j.tcs.2008.04.045},
  doi       = {10.1016/j.tcs.2008.04.045},
  timestamp = {Fri, 23 Oct 2009 12:12:50 +0200},
  biburl    = {http://dblp.uni-trier.de/rec/bib/journals/tcs/ChitturiFMMSSV09},
  bibsource = {dblp computer science bibliography, http://dblp.org}
}

@article{Drmota2013,
  author    = {Michael Drmota and
               Wojciech Szpankowski},
  title     = {A Master Theorem for Discrete Divide and Conquer Recurrences},
  journal   = {Journal of the ACM},
  volume    = {60},
  number    = {3},
  pages     = {16},
  month     = {6},
  year      = {2013},
  issn      = {0004-5411},
  url       = {http://doi.acm.org/10.1145/2487241.2487242},
  doi       = {10.1145/2487241.2487242},
  timestamp = {Tue, 16 Jul 2013 14:53:44 +0200},
  biburl    = {http://dblp.uni-trier.de/rec/bib/journals/jacm/DrmotaS13},
  bibsource = {dblp computer science bibliography, http://dblp.org}
}

@book{Graham1994,
  author    = {Ronald L. Graham and
               Donald E. Knuth and
               Oren Patashnik},
  title     = {Concrete mathematics - a foundation for computer science},
  publisher = {Addison-Wesley},
  year      = {1994},
  edition   = {2},
  isbn      = {978-0-201-55802-9},
  timestamp = {Fri, 29 Apr 2011 18:24:06 +0200},
  biburl    = {http://dblp.uni-trier.de/rec/bib/books/daglib/0076724},
  bibsource = {dblp computer science bibliography, http://dblp.org}
}

@inproceedings{Jorgensen2014,
  author    = {Allan Gr{\o}nlund J{\o}rgensen and
               Seth Pettie},
  title     = {Threesomes, Degenerates, and Love Triangles},
  booktitle = {{IEEE} Annual Symposium on Foundations of Computer Science, {FOCS}},
  pages     = {621--630},
  month = {10},
  year      = {2014},
  issn = {0272-5428},
  url       = {http://dx.doi.org/10.1109/FOCS.2014.72},
  doi       = {10.1109/FOCS.2014.72},
  timestamp = {Wed, 02 Sep 2015 14:03:02 +0200},
  biburl    = {http://dblp.uni-trier.de/rec/bib/conf/focs/JorgensenP14},
  bibsource = {dblp computer science bibliography, http://dblp.org}
}

@article{Karp2003,
  author    = {Richard M. Karp and
               Scott Shenker and
               Christos H. Papadimitriou},
  title     = {A simple algorithm for finding frequent elements in streams and bags},
  journal   = {{ACM} Transactions on Database Systems },
  volume    = {28},
  pages     = {51--55},
  month = {3},
  year      = {2003},
  issn = {0362-5915},
  url       = {http://doi.acm.org/10.1145/762471.762473},
  doi       = {10.1145/762471.762473},
  timestamp = {Wed, 19 Nov 2003 16:15:23 +0100},
  biburl    = {http://dblp.uni-trier.de/rec/bib/journals/tods/KarpSP03},
  bibsource = {dblp computer science bibliography, http://dblp.org}
}

@techreport{Leighton1996,
  title = {Notes on Better Master Theorems for Divide-and-Conquer Recurrences},
  author = {Tom Leighton},
  institution = {Department of Mathematics,
  Massachusetts Institute of Technology},
  month = {10},
  year = {1996},
}

@article{Misra1982,
  author    = {Jayadev Misra and
               David Gries},
  title     = {Finding Repeated Elements},
  journal   = {Science of Computer Programming},
  volume    = {2},
  number    = {2},
  pages     = {143--152},
  month = {11},
  year      = {1982},
  issn = {0167-6423},
  url       = {http://dx.doi.org/10.1016/0167-6423(82)90012-0},
  doi       = {10.1016/0167-6423(82)90012-0},
  timestamp = {Tue, 30 Aug 2011 17:13:45 +0200},
  biburl    = {http://dblp.uni-trier.de/rec/bib/journals/scp/MisraG82},
  bibsource = {dblp computer science bibliography, http://dblp.org}
}

@book{Purdom2004,
  author    = {Purdom, Jr., Paul Walton and
               Cynthia Brown},
  title     = {The Analysis of Algorithms},
  publisher = {Oxford University Press},
  year      = {2004},
  isbn      = {978-0-195-17479-3},
}

@book{Sedgewick2013,
  author    = {Robert Sedgewick and
               Philippe Flajolet},
  title     = {An introduction to the analysis of algorithms},
  publisher = {Addison-Wesley},
  edition   = {2},
  year      = {2013},
  isbn      = {978-0-321-90575-8},
}

@article{Verma1994,
  author    = {Rakesh M. Verma},
  title     = {A General Method and a Master Theorem for Divide-and-Conquer Recurrences with Applications},
  journal   = {Journal of Algorithms},
  volume    = {16},
  number    = {1},
  pages     = {67--79},
  month     = {1},
  year      = {1994},
  issn      = {0196-6774},
  url       = {http://dx.doi.org/10.1006/jagm.1994.1004},
  doi       = {10.1006/jagm.1994.1004},
  timestamp = {Fri, 01 Jul 2011 13:42:55 +0200},
  biburl    = {http://dblp.uni-trier.de/rec/bib/journals/jal/Verma94},
  bibsource = {dblp computer science bibliography, http://dblp.org}
}
