@article{Akra1998,
  author    = {Mohamad Akra and
               Louay Bazzi},
  title     = {On the Solution of Linear Recurrence Equations},
  journal   = {Computational Optimization and Applications},
  volume    = {10},
  number    = {2},
  pages     = {195--210},
  month     = {5},
  year      = {1998},
  issn      = {0926-6003},
  url       = {http://dx.doi.org/10.1023/A:1018373005182},
  doi       = {10.1023/A:1018373005182},
  timestamp = {Sun, 27 Sep 2015 19:14:04 +0200},
  biburl    = {http://dblp.uni-trier.de/rec/bib/journals/coap/AkraB98},
  bibsource = {dblp computer science bibliography, http://dblp.org}
}

@article{Aurenhammer1988,
  author    = {Franz Aurenhammer},
  title     = {Improved Algorithms for Discs and Balls Using Power Diagrams},
  journal   = {Journal of Algorithms},
  volume    = {9},
  number    = {2},
  pages     = {151--161},
  month = {6},
  year      = {1988},
  issn = {0196-6774},
  url       = {http://dx.doi.org/10.1016/0196-6774(88)90035-1},
  doi       = {10.1016/0196-6774(88)90035-1},
  timestamp = {Fri, 01 Jul 2011 13:42:46 +0200},
  biburl    = {http://dblp.uni-trier.de/rec/bib/journals/jal/Aurenhammer88},
  bibsource = {dblp computer science bibliography, http://dblp.org}
}

@inproceedings{Baeza-Yates2010,
  author    = {Ricardo A. Baeza{-}Yates and
               Alejandro Salinger},
  title     = {Fast Intersection Algorithms for Sorted Sequences},
  booktitle = {Algorithms and Applications, Essays Dedicated to Esko Ukkonen on the
               Occasion of His 60th Birthday},
  series = {Lecture Notes in Computer Science},
  volume = {6060},
  pages     = {45--61},
  year      = {2010},
  issn = {0302-9743},
  isbn = {978-3-642-12475-4},
  url       = {http://dx.doi.org/10.1007/978-3-642-12476-1_3},
  doi       = {10.1007/978-3-642-12476-1_3},
  timestamp = {Fri, 20 Aug 2010 09:56:38 +0200},
  biburl    = {http://dblp.uni-trier.de/rec/bib/conf/birthday/Baeza-YatesS10},
  bibsource = {dblp computer science bibliography, http://dblp.org}
}

@techreport{Bengtsson2007,
  author    = {Fredrik Bengtsson and
               Jingsen Chen},
  title     = {Computing maximum-scoring segments optimally},
  institution = {Lule\r{a} University of Technology},  
  year = {2007},
  url       = {http://epubl.ltu.se/1402-1528/2007/03/},
}

@article{Bentley1976,
  author    = {Jon Louis Bentley and
               Andrew Chi{-}Chih Yao},
  title     = {An Almost Optimal Algorithm for Unbounded Searching},
  journal   = {Information Processing Letters},
  volume    = {5},
  number    = {3},
  pages     = {82--87},
  month = {8},
  year      = {1976},
  issn = {0020-0190},
  url       = {http://dx.doi.org/10.1016/0020-0190(76)90071-5},
  doi       = {10.1016/0020-0190(76)90071-5},
  timestamp = {Thu, 07 Jul 2011 15:51:05 +0200},
  biburl    = {http://dblp.uni-trier.de/rec/bib/journals/ipl/BentleyY76},
  bibsource = {dblp computer science bibliography, http://dblp.org}
}

@book{Bentley1999,
  author    = {Jon Louis Bentley},
  title     = {Programming pearls},
  publisher = {Addison-Wesley},
  edition = {2},
  month = {10},
  year      = {1999},
  isbn      = {978-0-201-65788-3},
  timestamp = {Thu, 05 May 2011 16:48:10 +0200},
  biburl    = {http://dblp.uni-trier.de/rec/bib/books/daglib/0067352},
  bibsource = {dblp computer science bibliography, http://dblp.org}
}

@article{Berger2011,
  author    = {Andr{\'{e}} Berger and
               Vincenzo Bonifaci and
               Fabrizio Grandoni and
               Guido Sch{\"{a}}fer},
  title     = {Budgeted matching and budgeted matroid intersection via the gasoline
               puzzle},
  journal   = {Mathematical Programming},
  volume    = {128},
  number    = {1-2},
  pages     = {355--372},
  month  = {6},
  year      = {2011},
  issn    = {0025-5610},
  url       = {http://dx.doi.org/10.1007/s10107-009-0307-4},
  doi       = {10.1007/s10107-009-0307-4},
  timestamp = {Tue, 24 May 2011 13:24:54 +0200},
  biburl    = {http://dblp.uni-trier.de/rec/bib/journals/mp/BergerBGS11},
  bibsource = {dblp computer science bibliography, http://dblp.org}
}

@inproceedings{Bird2006,
  author    = {Richard S. Bird},
  title     = {Improving Saddleback Search: {A} Lesson in Algorithm Design},
  booktitle = {Mathematics of Program Construction, {MPC}},
  series = {Lecture Notes in Computer Science},
  volume    = {4014},
  pages     = {82--89},
  year      = {2006},
  isbn = {978-3-540-35631-8},
  issn = {0302-9743},
  publisher = {Springer},
  url       = {http://dx.doi.org/10.1007/11783596_8},
  doi       = {10.1007/11783596_8},
  timestamp = {Mon, 03 Jul 2006 10:17:13 +0200},
  biburl    = {http://dblp.uni-trier.de/rec/bib/conf/mpc/Bird06},
  bibsource = {dblp computer science bibliography, http://dblp.org}
}

@article{Booth1993,
  author    = {Heather Booth and
               Robert Endre Tarjan},
  title     = {Finding the Minimum-Cost Maximum Flow in a Series-Parallel Network},
  journal   = {Journal of Algorithms},
  volume    = {15},
  number    = {3},
  pages     = {416--446},
  month   = {11},
  year      = {1993},
  issn    = {0196-6774},
  url       = {http://dx.doi.org/10.1006/jagm.1993.1048},
  doi       = {10.1006/jagm.1993.1048},
  timestamp = {Fri, 01 Jul 2011 13:42:55 +0200},
  biburl    = {http://dblp.uni-trier.de/rec/bib/journals/jal/BoothT93},
  bibsource = {dblp computer science bibliography, http://dblp.org}
}

@article{Chin1978,
  author    = {Francis Y. L. Chin and
               David Houck},
  title     = {Algorithms for Updating Minimal Spanning Trees},
  journal   = {Journal of Computer and System Sciences},
  volume    = {16},
  number    = {3},
  pages     = {333--344},
  month = {6},
  year      = {1978},
  issn = {0022-0000},
  url       = {http://dx.doi.org/10.1016/0022-0000(78)90022-3},
  doi       = {10.1016/0022-0000(78)90022-3},
  timestamp = {Tue, 05 Jul 2011 11:10:26 +0200},
  biburl    = {http://dblp.uni-trier.de/rec/bib/journals/jcss/ChinH78},
  bibsource = {dblp computer science bibliography, http://dblp.org}
}

@article{Chitturi2009,
  author    = {Bhadrachalam Chitturi and
               William Fahle and
               Z. Meng and
               Linda Morales and
               C. O. Shields Jr. and
               Ivan Hal Sudborough and
               Walter Voit},
  title     = {An (18/11)n upper bound for sorting by prefix reversals},
  journal   = {Theoretical Computer Science},
  volume    = {410},
  number    = {36},
  pages     = {3372--3390},
  month = {8},
  year      = {2009},
  issn = {0304-3975},
  url       = {http://dx.doi.org/10.1016/j.tcs.2008.04.045},
  doi       = {10.1016/j.tcs.2008.04.045},
  timestamp = {Fri, 23 Oct 2009 12:12:50 +0200},
  biburl    = {http://dblp.uni-trier.de/rec/bib/journals/tcs/ChitturiFMMSSV09},
  bibsource = {dblp computer science bibliography, http://dblp.org}
}

@inproceedings{Chuang1993,
  author    = {Tyng{-}Ruey Chuang and
               Benjamin Goldberg},
  title     = {Real-Time Deques, Multihead Thring Machines, and Purely Functional
               Programming},
  booktitle = {Functional programming languages and computer architecture, {FPCA}},
  pages     = {289--298},
  year      = {1993},
  isbn = {0-89791-595-X},
  url       = {http://doi.acm.org/10.1145/165180.165225},
  doi       = {10.1145/165180.165225},
  timestamp = {Thu, 12 Nov 2015 12:11:28 +0100},
  biburl    = {http://dblp.uni-trier.de/rec/bib/conf/fpca/ChuangG93},
  bibsource = {dblp computer science bibliography, http://dblp.org}
}

@article{Clifford2007,
  author    = {Peter Clifford and
               Rapha{\"{e}}l Clifford},
  title     = {Simple deterministic wildcard matching},
  journal   = {Information Processing Letters},
  volume    = {101},
  number    = {2},
  pages     = {53--54},
  month    = {1},
  year      = {2007},
  issn = {0020-0190},
  url       = {http://dx.doi.org/10.1016/j.ipl.2006.08.002},
  doi       = {10.1016/j.ipl.2006.08.002},
  timestamp = {Thu, 15 Feb 2007 07:42:55 +0100},
  biburl    = {http://dblp.uni-trier.de/rec/bib/journals/ipl/CliffordC07},
  bibsource = {dblp computer science bibliography, http://dblp.org}
}

@article{Csuros04,
  author    = {Mikl{\'{o}}s Cs{\"{u}}r{\"{o}}s},
  title     = {Maximum-Scoring Segment Sets},
  journal   = {{IEEE/ACM} Transactions on Computational Biology and Bioinformatics},
  volume    = {1},
  number    = {4},
  pages     = {139--150},
  month    = {10},
  year      = {2004},
  issn     = {1545-5963},
  url       = {http://doi.acm.org/10.1145/1042198.1042358},
  doi       = {10.1145/1042198.1042358},
  timestamp = {Thu, 09 Feb 2006 13:48:59 +0100},
  biburl    = {http://dblp.uni-trier.de/rec/bib/journals/tcbb/Csuros04},
  bibsource = {dblp computer science bibliography, http://dblp.org}
}

@article{Das2001,
  author    = {B. Das and
               Michael C. Loui},
  title     = {Reconstructing a Minimum Spanning Tree after Deletion of Any Node},
  journal   = {Algorithmica},
  volume    = {31},
  number    = {4},
  pages     = {530--547},
  year      = {2001},
  issn   = {0178-4617},
  url       = {http://dx.doi.org/10.1007/s00453-001-0061-3},
  doi       = {10.1007/s00453-001-0061-3},
  timestamp = {Wed, 18 May 2011 16:17:19 +0200},
  biburl    = {http://dblp.uni-trier.de/rec/bib/journals/algorithmica/DasL01},
  bibsource = {dblp computer science bibliography, http://dblp.org}
}

@inproceedings{Demaine2000,
  author    = {Erik D. Demaine and
               Alejandro L{\'{o}}pez{-}Ortiz and
               J. Ian Munro},
  title     = {Adaptive set intersections, unions, and differences},
  booktitle = {{ACM-SIAM} Symposium on Discrete Algorithms},
  pages     = {743--752},
  month   = {1},
  year      = {2000},
  url       = {http://dl.acm.org/citation.cfm?id=338219.338634},
  timestamp = {Fri, 07 Dec 2012 17:02:08 +0100},
  biburl    = {http://dblp.uni-trier.de/rec/bib/conf/soda/DemaineLM00},
  bibsource = {dblp computer science bibliography, http://dblp.org}
}

@article{Drmota2013,
  author    = {Michael Drmota and
               Wojciech Szpankowski},
  title     = {A Master Theorem for Discrete Divide and Conquer Recurrences},
  journal   = {Journal of the ACM},
  volume    = {60},
  number    = {3},
  pages     = {16},
  month     = {6},
  year      = {2013},
  issn      = {0004-5411},
  url       = {http://doi.acm.org/10.1145/2487241.2487242},
  doi       = {10.1145/2487241.2487242},
  timestamp = {Tue, 16 Jul 2013 14:53:44 +0200},
  biburl    = {http://dblp.uni-trier.de/rec/bib/journals/jacm/DrmotaS13},
  bibsource = {dblp computer science bibliography, http://dblp.org}
}

@article{Edelsbrunner1989,
  author    = {Herbert Edelsbrunner and
               Leonidas J. Guibas},
  title     = {Topologically Sweeping an Arrangement},
  journal   = {Journal of Computer and System Sciences},
  volume    = {38},
  number    = {1},
  pages     = {165--194},
  month = {2},
  year      = {1989},
  issn = {0022-0000},
  url       = {http://dx.doi.org/10.1016/0022-0000(89)90038-X},
  doi       = {10.1016/0022-0000(89)90038-X},
  timestamp = {Tue, 05 Jul 2011 11:10:48 +0200},
  biburl    = {http://dblp.uni-trier.de/rec/bib/journals/jcss/EdelsbrunnerG89},
  bibsource = {dblp computer science bibliography, http://dblp.org}
}

@article{Fici2014,
  author    = {Gabriele Fici and
               Travis Gagie and
               Juha K{\"{a}}rkk{\"{a}}inen and
               Dominik Kempa},
  title     = {A subquadratic algorithm for minimum palindromic factorization},
  journal   = {Journal of Discrete Algorithms},
  volume    = {28},
  pages     = {41--48},
  month    = {9},
  year      = {2014},
  issn    = {1570-8667},
  url       = {http://dx.doi.org/10.1016/j.jda.2014.08.001},
  doi       = {10.1016/j.jda.2014.08.001},
  timestamp = {Tue, 30 Sep 2014 09:32:41 +0200},
  biburl    = {http://dblp.uni-trier.de/rec/bib/journals/jda/FiciGKK14},
  bibsource = {dblp computer science bibliography, http://dblp.org}
}

@inproceedings{Frederickson1991,
  author    = {Greg N. Frederickson},
  title     = {Optimal Algorithms for Tree Partitioning},
  booktitle = {{ACM/SIGACT-SIAM} Symposium on Discrete Algorithms, {SODA}},
  pages     = {168--177},
  month = {1},
  year      = {1991},
  url       = {http://dl.acm.org/citation.cfm?id=127787.127822},
  timestamp = {Fri, 07 Dec 2012 17:02:08 +0100},
  biburl    = {http://dblp.uni-trier.de/rec/bib/conf/soda/Frederickson91},
  bibsource = {dblp computer science bibliography, http://dblp.org}
}

@article{Frederickson1984,
  author    = {Greg N. Frederickson and
               Donald B. Johnson},
  title     = {Generalized Selection and Ranking: Sorted Matrices},
  journal   = {{SIAM} Journal on Computing},
  volume    = {13},
  number    = {1},
  pages     = {14--30},
  year      = {1984},
  issn     = {0097-5397},
  url       = {http://dx.doi.org/10.1137/0213002},
  doi       = {10.1137/0213002},
  timestamp = {Sat, 13 Oct 2012 19:10:42 +0200},
  biburl    = {http://dblp.uni-trier.de/rec/bib/journals/siamcomp/FredericksonJ84},
  bibsource = {dblp computer science bibliography, http://dblp.org}
}

@article{Frederickson1982,
  author    = {Greg N. Frederickson and
               Donald B. Johnson},
  title     = {The Complexity of Selection and Ranking in {X+Y} and Matrices with
               Sorted Columns},
  journal   = {Journal of Computer and System Sciences},
  volume    = {24},
  number    = {2},
  pages     = {197--208},
  month    = {4},
  year      = {1982},
  issn    = {0022-0000},
  url       = {http://dx.doi.org/10.1016/0022-0000(82)90048-4},
  doi       = {10.1016/0022-0000(82)90048-4},
  timestamp = {Tue, 05 Jul 2011 11:10:34 +0200},
  biburl    = {http://dblp.uni-trier.de/rec/bib/journals/jcss/FredericksonJ82},
  bibsource = {dblp computer science bibliography, http://dblp.org}
}

@article{Fredman1975,
  title = {On computing the length of longest increasing subsequences},
  author = {Michael L. Fredman},
  journal = {Discrete Mathematics},
  volume = {11},
  number = {1},
  pages = {29 -- 35},
  year = {1975},
  issn = {0012-365X},
  url = {http://dx.doi.org/10.1016/0012-365X(75)90103-X},
  doi = {10.1016/0012-365X(75)90103-X},
}

@inproceedings{Fredman1990,
  author    = {Michael L. Fredman and
               Dan E. Willard},
  title     = {{BLASTING} through the Information Theoretic Barrier with {FUSION}
               {TREES}},
  booktitle = {{ACM} Symposium on Theory of Computing, {STOC}},
  pages     = {1--7},
  month    = {5},
  year      = {1990},
  isbn    = {0-89791-361-2},
  url       = {http://doi.acm.org/10.1145/100216.100217},
  doi       = {10.1145/100216.100217},
  timestamp = {Mon, 17 Oct 2011 17:25:06 +0200},
  biburl    = {http://dblp.uni-trier.de/rec/bib/conf/stoc/FredmanW90},
  bibsource = {dblp computer science bibliography, http://dblp.org}
}

@article{Gajewska1986,
  author    = {Hania Gajewska and
               Robert Endre Tarjan},
  title     = {Deques with Heap Order},
  journal   = {Information Processing Letters},
  volume    = {22},
  number    = {4},
  pages     = {197--200},
  month    = {4},
  year      = {1986},
  issn    = {0020-0190},
  url       = {http://dx.doi.org/10.1016/0020-0190(86)90028-1},
  doi       = {10.1016/0020-0190(86)90028-1},
  timestamp = {Thu, 07 Jul 2011 15:51:53 +0200},
  biburl    = {http://dblp.uni-trier.de/rec/bib/journals/ipl/GajewskaT86},
  bibsource = {dblp computer science bibliography, http://dblp.org}
}

@inproceedings{Gawrychowski2015,
  author    = {Pawel Gawrychowski and
               Patrick K. Nicholson},
  title     = {Encodings of Range Maximum-Sum Segment Queries and Applications},
  booktitle = {Combinatorial Pattern Matching, {CPM}},
  series = {Lecture Notes in Computer Science},
  volume  = {9133},
  pages     = {196--206},
  month = {6},
  year      = {2015},
  isbn  = {978-3-319-19929-0},
  issn   = {0302-9743},
  url       = {http://dx.doi.org/10.1007/978-3-319-19929-0_17},
  doi       = {10.1007/978-3-319-19929-0_17},
  timestamp = {Tue, 16 Jun 2015 12:30:58 +0200},
  biburl    = {http://dblp.uni-trier.de/rec/bib/conf/cpm/GawrychowskiN15},
  bibsource = {dblp computer science bibliography, http://dblp.org}
}

@article{Gibbons2006,
  author    = {Jeremy Gibbons},
  title     = {Unbounded Spigot Algorithms for the Digits of Pi},
  journal   = {The American Mathematical Monthly},
  volume    = {113},
  number    = {4},
  pages     = {318--328},
  month   = {4},
  year      = {2006},
  issn     = {0002-9890},
  url       = {http://www.jstor.org/stable/27641917},
  timestamp = {Tue, 12 Mar 2013 15:58:12 +0100},
  biburl    = {http://dblp.uni-trier.de/rec/bib/journals/tamm/Gibbons06},
  bibsource = {dblp computer science bibliography, http://dblp.org}
}

@article{Ginat2012,
  author    = {David Ginat},
  title     = {Insight Tasks for Examining Student Illuminations},
  journal   = {Olympiads in Informatics},
  volume    = {6},
  pages     = {44--52},
  year      = {2012},
  issn = {1822-7732},
  url       = {http://www.ioinformatics.org/oi/shtm/INFOL106.shtml},
}

@article{Ginat2004,
  author    = {David Ginat},
  title     = {Helipad},
  journal   = {{SIGCSE} Bulletin},
  volume    = {36},
  number    = {4},
  pages     = {25--26},
  month    = {12},
  year      = {2004},
  issn    = {0097-8418},
  url       = {http://doi.acm.org/10.1145/1041624.1041648},
  doi       = {10.1145/1041624.1041648},
  timestamp = {Mon, 30 Jun 2008 11:57:01 +0200},
  biburl    = {http://dblp.uni-trier.de/rec/bib/journals/sigcse/Ginat04b},
  bibsource = {dblp computer science bibliography, http://dblp.org}
}

@book{Graham1994,
  author    = {Ronald L. Graham and
               Donald E. Knuth and
               Oren Patashnik},
  title     = {Concrete mathematics - a foundation for computer science},
  publisher = {Addison-Wesley},
  year      = {1994},
  edition   = {2},
  isbn      = {978-0-201-55802-9},
  timestamp = {Fri, 29 Apr 2011 18:24:06 +0200},
  biburl    = {http://dblp.uni-trier.de/rec/bib/books/daglib/0076724},
  bibsource = {dblp computer science bibliography, http://dblp.org}
}

@techreport{Gries1981,
  author    = {David Gries and Harlan Mills},
  title     = {Swapping sections},
  institution = {Cornell University},
  month   = {1},
  year = {1981},
  note = {Technical Report TR 81-452},
  url       = {http://hdl.handle.net/1813/6292},
}


@article{Hood1981,
  author    = {Robert Hood and
               Robert Melville},
  title     = {Real-Time Queue Operation in Pure {LISP}},
  journal   = {Information Processing Letters},
  volume    = {13},
  number    = {2},
  pages     = {50--54},
  month    = {11},
  year      = {1981},
  issn    = {0020-0190},
  url       = {http://dx.doi.org/10.1016/0020-0190(81)90030-2},
  doi       = {10.1016/0020-0190(81)90030-2},
  timestamp = {Thu, 07 Jul 2011 15:51:28 +0200},
  biburl    = {http://dblp.uni-trier.de/rec/bib/journals/ipl/HoodM81},
  bibsource = {dblp computer science bibliography, http://dblp.org}
}

@article{Huhne1993,
  author    = {Martin H{\"{u}}hne},
  title     = {On the Power of Several Queues},
  journal   = {Theoretical Computer Science},
  volume    = {113},
  number    = {1},
  pages     = {75--91},
  month    = {5},
  year      = {1993},
  issn    = {0304-3975},
  url       = {http://dx.doi.org/10.1016/0304-3975(93)90211-B},
  doi       = {10.1016/0304-3975(93)90211-B},
  timestamp = {Wed, 07 Sep 2011 12:13:21 +0200},
  biburl    = {http://dblp.uni-trier.de/rec/bib/journals/tcs/Huhne93},
  bibsource = {dblp computer science bibliography, http://dblp.org}
}

@inproceedings{Jorgensen2014,
  author    = {Allan Gr{\o}nlund J{\o}rgensen and
               Seth Pettie},
  title     = {Threesomes, Degenerates, and Love Triangles},
  booktitle = {{IEEE} Annual Symposium on Foundations of Computer Science, {FOCS}},
  pages     = {621--630},
  month = {10},
  year      = {2014},
  issn = {0272-5428},
  url       = {http://dx.doi.org/10.1109/FOCS.2014.72},
  doi       = {10.1109/FOCS.2014.72},
  timestamp = {Wed, 02 Sep 2015 14:03:02 +0200},
  biburl    = {http://dblp.uni-trier.de/rec/bib/conf/focs/JorgensenP14},
  bibsource = {dblp computer science bibliography, http://dblp.org}
}

@article{Karp2003,
  author    = {Richard M. Karp and
               Scott Shenker and
               Christos H. Papadimitriou},
  title     = {A simple algorithm for finding frequent elements in streams and bags},
  journal   = {{ACM} Transactions on Database Systems },
  volume    = {28},
  pages     = {51--55},
  month = {3},
  year      = {2003},
  issn = {0362-5915},
  url       = {http://doi.acm.org/10.1145/762471.762473},
  doi       = {10.1145/762471.762473},
  timestamp = {Wed, 19 Nov 2003 16:15:23 +0100},
  biburl    = {http://dblp.uni-trier.de/rec/bib/journals/tods/KarpSP03},
  bibsource = {dblp computer science bibliography, http://dblp.org}
}

@inproceedings{Khanna1997,
  author    = {Sanjeev Khanna and
               S. Muthukrishnan and
               Steven Skiena},
  title     = {Efficient Array Partitioning},
  booktitle = {International Colloquium Automata, Languages and Programming, {ICALP}},
  series = {Lecture Notes in Computer Science},
  volume  = {1256},
  pages     = {616--626},
  month = {7}, 
  year      = {1997},
  isbn   = {978-3-540-63165-1},
  issn   = {0302-9743},
  url       = {http://dx.doi.org/10.1007/3-540-63165-8_216},
  doi       = {10.1007/3-540-63165-8_216},
  timestamp = {Sun, 20 Sep 2009 10:49:56 +0200},
  biburl    = {http://dblp.uni-trier.de/rec/bib/conf/icalp/KhannaMS97},
  bibsource = {dblp computer science bibliography, http://dblp.org}
}

@article{Komlos1998,
  author    = {J{\'{a}}nos Koml{\'{o}}s and
               Yuan Ma and
               Endre Szemer{\'{e}}di},
  title     = {Matching Nuts and Bolts in O(n log n) Time},
  journal   = {{SIAM} Journal on Discrete Mathematics},
  volume    = {11},
  number    = {3},
  pages     = {347--372},
  year      = {1998},
  issn    = {0895-4801},
  url       = {http://dx.doi.org/10.1137/S0895480196304982},
  doi       = {10.1137/S0895480196304982},
  timestamp = {Tue, 01 Feb 2011 14:01:59 +0100},
  biburl    = {http://dblp.uni-trier.de/rec/bib/journals/siamdm/KomlosMS98},
  bibsource = {dblp computer science bibliography, http://dblp.org}
}

@inproceedings{Kirkpatrick1985,
  author    = {David G. Kirkpatrick and
               Raimund Seidel},
  title     = {Output-size sensitive algorithms for finding maximal vectors},
  booktitle = {Symposium on Computational Geometry, {SoCG}},
  pages     = {89--96},
  month = {6},
  year      = {1985},
  url       = {http://doi.acm.org/10.1145/323233.323246},
  doi       = {10.1145/323233.323246},
  timestamp = {Fri, 30 Jan 2015 14:53:40 +0100},
  biburl    = {http://dblp.uni-trier.de/rec/bib/conf/compgeom/KirkpatrickS85},
  bibsource = {dblp computer science bibliography, http://dblp.org}
}

@techreport{Leighton1996,
  title = {Notes on Better Master Theorems for Divide-and-Conquer Recurrences},
  author = {Tom Leighton},
  institution = {Department of Mathematics,
  Massachusetts Institute of Technology},
  month = {10},
  year = {1996},
}

@techreport{Leiserson1998,
    title = {Using de Bruijn Sequences to Index a 1 in a Computer Word},
    author = {Charles E. Leiserson and Harald Prokop and Keith H. Randall},
    year = {1998},
    institution = {Department of Computer Science, Massachusetts Institute of Technology},  
}

@article{Manolopoulos02,
  author    = {Yannis Manolopoulos},
  title     = {Binomial coefficient computation: recursion or iteration?},
  journal   = {{SIGCSE} Bulletin},
  volume    = {34},
  number    = {4},
  pages     = {65--67},
  month    = {12},
  year      = {2002},
  issn     = {0097-8418},
  url       = {http://doi.acm.org/10.1145/820127.820168},
  doi       = {10.1145/820127.820168},
  timestamp = {Wed, 16 Jul 2008 12:05:14 +0200},
  biburl    = {http://dblp.uni-trier.de/rec/bib/journals/sigcse/Manolopoulos02},
  bibsource = {dblp computer science bibliography, http://dblp.org}
}

@inproceedings{Mares2007,
  author    = {Martin Mares and
               Milan Straka},
  title     = {Linear-Time Ranking of Permutations},
  booktitle = {Proceedings of European Symposium on Algorithms, {ESA}},
  series = {Lecture Notes in Computer Science},
  volume  = {4698},
  pages     = {187--193},
  month   = {10},
  year      = {2007},
  isbn   = {978-3-540-75519-7},
  issn    = {0302-9743},
  url       = {http://dx.doi.org/10.1007/978-3-540-75520-3_18},
  doi       = {10.1007/978-3-540-75520-3_18},
  timestamp = {Wed, 19 Sep 2007 10:28:06 +0200},
  biburl    = {http://dblp.uni-trier.de/rec/bib/conf/esa/MaresS07},
  bibsource = {dblp computer science bibliography, http://dblp.org}
}

@article{Minsky2003,
  author    = {Yaron Minsky and
               Ari Trachtenberg and
               Richard Zippel},
  title     = {Set reconciliation with nearly optimal communication complexity},
  journal   = {{IEEE} Transactions on Information Theory},
  volume    = {49},
  number    = {9},
  pages     = {2213--2218},
  month   = {9},
  year      = {2003},
  issn    = {0018-9448},
  url       = {http://dx.doi.org/10.1109/TIT.2003.815784},
  doi       = {10.1109/TIT.2003.815784},
  timestamp = {Mon, 31 Oct 2011 17:05:16 +0100},
  biburl    = {http://dblp.uni-trier.de/rec/bib/journals/tit/MinskyTZ03},
  bibsource = {dblp computer science bibliography, http://dblp.org}
}

@article{Misra1982,
  author    = {Jayadev Misra and
               David Gries},
  title     = {Finding Repeated Elements},
  journal   = {Science of Computer Programming},
  volume    = {2},
  number    = {2},
  pages     = {143--152},
  month = {11},
  year      = {1982},
  issn = {0167-6423},
  url       = {http://dx.doi.org/10.1016/0167-6423(82)90012-0},
  doi       = {10.1016/0167-6423(82)90012-0},
  timestamp = {Tue, 30 Aug 2011 17:13:45 +0200},
  biburl    = {http://dblp.uni-trier.de/rec/bib/journals/scp/MisraG82},
  bibsource = {dblp computer science bibliography, http://dblp.org}
}

@article{Mirzaian1985,
  author    = {Andranik Mirzaian and
               Eshrat Arjomandi},
  title     = {Selection in {X+Y} and Matrices With Sorted Rows and Columns},
  journal   = {Information Processing Letters},
  volume    = {20},
  number    = {1},
  pages     = {13--17},
  month   = {1},
  year      = {1985},
  issn = {0020-0190},
  url       = {http://dx.doi.org/10.1016/0020-0190(85)90123-1},
  doi       = {10.1016/0020-0190(85)90123-1},
  timestamp = {Thu, 07 Jul 2011 15:51:47 +0200},
  biburl    = {http://dblp.uni-trier.de/rec/bib/journals/ipl/MirzaianA85},
  bibsource = {dblp computer science bibliography, http://dblp.org}
}

@article{Mohammed1987,
  author    = {John L. Mohammed and
               Carlos S. Subi},
  title     = {An Improved Block-Interchange Algorithm},
  journal   = {Journal of Algorithms},
  volume    = {8},
  number    = {1},
  pages     = {113--121},
  month   = {3},
  year      = {1987},
  issn   = {0196-6774},
  url       = {http://dx.doi.org/10.1016/0196-6774(87)90031-9},
  doi       = {10.1016/0196-6774(87)90031-9},
  timestamp = {Fri, 01 Jul 2011 13:42:44 +0200},
  biburl    = {http://dblp.uni-trier.de/rec/bib/journals/jal/MohammedS87},
  bibsource = {dblp computer science bibliography, http://dblp.org}
}

@inproceedings{Moore1991,
  author    = {Robert S. Boyer and J. Strother Moore},
  title     = {{MJRTY:} {A} Fast Majority Vote Algorithm},
  booktitle = {Automated Reasoning: Essays in Honor of Woody Bledsoe},
  pages     = {105--118},
  year      = {1991},
  timestamp = {Thu, 03 Jan 2002 11:54:06 +0100},
  url = {http://www.cs.utexas.edu/users/moore/best-ideas/mjrty/index.html},
  biburl    = {http://dblp.uni-trier.de/rec/bib/conf/birthday/Moore91},
  bibsource = {dblp computer science bibliography, http://dblp.org}
}

@article{Muthukrishnan2005, 
  author    = {Muthu S. Muthukrishnan},
  title     = {Data Streams: Algorithms and Applications},
  journal   = {Foundations and Trends in Theoretical Computer Science},
  volume    = {1},
  number    = {2},
  month    = {9},
  year      = {2005},
  isbn    = {978-1-933019-60-4},
  url       = {http://dx.doi.org/10.1561/0400000002},
  doi       = {10.1561/0400000002},
  timestamp = {Tue, 20 May 2008 12:36:33 +0200},
  biburl    = {http://dblp.uni-trier.de/rec/bib/journals/fttcs/Muthukrishnan05},
  bibsource = {dblp computer science bibliography, http://dblp.org}
}

@article{Nesterenko2012,
  author = {A. Yu. Nesterenko},
  title = {Cycle detection algorithms and their applications},
  journal = {Journal of Mathematical Sciences},
  volume = {182},
  number = {4},  
  pages = {518--526},
  month = {4},
  year = {2012},
  issn = {1573-8795},
  doi =  {10.1007/s10958-012-0755-x},
  url= {http://dx.doi.org/10.1007/s10958-012-0755-x},
}

@article{Pearson2005,
  author    = {David Pearson},
  title     = {A polynomial-time algorithm for the change-making problem},
  journal   = {Operations Research Letters},
  volume    = {33},
  number    = {3},
  pages     = {231--234},
  month   = {5},
  year      = {2005},
  issn      = {0167-6377},
  url       = {http://dx.doi.org/10.1016/j.orl.2004.06.001},
  doi       = {10.1016/j.orl.2004.06.001},
  timestamp = {Fri, 21 Apr 2006 13:02:18 +0200},
  biburl    = {http://dblp.uni-trier.de/rec/bib/journals/orl/Pearson05},
  bibsource = {dblp computer science bibliography, http://dblp.org}
}

@book{Purdom2004,
  author    = {Purdom, Jr., Paul Walton and
               Cynthia Brown},
  title     = {The Analysis of Algorithms},
  publisher = {Oxford University Press},
  year      = {2004},
  isbn      = {978-0-195-17479-3},
}

@article{Riha1976,
  author    = {W. Riha and
               K. R. James},
  title     = {Algorithm 29 efficient algorithms for doubly and multiply restricted
               partitions},
  journal   = {Computing},
  volume    = {16},
  number    = {1-2},
  pages     = {163--168},
  month  = {3},
  year      = {1976},
  issn  = {0010-485X},
  url       = {http://dx.doi.org/10.1007/BF02241987},
  doi       = {10.1007/BF02241987},
  timestamp = {Tue, 14 Jul 2009 14:18:03 +0200},
  biburl    = {http://dblp.uni-trier.de/rec/bib/journals/computing/RihaJ76},
  bibsource = {dblp computer science bibliography, http://dblp.org}
}

@article{Rubinchik2015,
  author    = {Mikhail Rubinchik and
               Arseny M. Shur},
  title     = {Eertree: An Efficient Data Structure for Processing Palindromes in
               Strings},
  journal   = {CoRR},
  volume    = {abs/1506.04862},
  year      = {2015},
  url       = {http://arxiv.org/abs/1506.04862},
  timestamp = {Wed, 01 Jul 2015 15:10:24 +0200},
  biburl    = {http://dblp.uni-trier.de/rec/bib/journals/corr/RubinchikS15a},
  bibsource = {dblp computer science bibliography, http://dblp.org}
}

@inproceedings{Ruskey2008,
  author    = {Frank Ruskey and
               Aaron Williams},
  title     = {Generating Balanced Parentheses and Binary Trees by Prefix Shifts},
  booktitle = {Computing: The Australasian Theory Symposium (CATS 2008)},
  pages     = {107--115},
  month    = {1},
  year      = {2008},
  url       = {http://crpit.com/abstracts/CRPITV77Ruskey.html},
  timestamp = {Wed, 18 Jun 2008 08:09:05 +0200},
  biburl    = {http://dblp.uni-trier.de/rec/bib/conf/cats/RuskeyW08},
  bibsource = {dblp computer science bibliography, http://dblp.org}
}

@article{Ruskey2009,
  author    = {Frank Ruskey and
               Aaron Williams},
  title     = {The coolest way to generate combinations},
  journal   = {Discrete Mathematics},
  volume    = {309},
  number    = {17},
  pages     = {5305--5320},
  month   = {9},
  year      = {2009},
  issn    = {0012-365X},
  url       = {http://dx.doi.org/10.1016/j.disc.2007.11.048},
  doi       = {10.1016/j.disc.2007.11.048},
  timestamp = {Tue, 04 May 2010 13:46:29 +0200},
  biburl    = {http://dblp.uni-trier.de/rec/bib/journals/dm/RuskeyW09},
  bibsource = {dblp computer science bibliography, http://dblp.org}
}

@article{Rytter2003,
  author    = {Wojciech Rytter},
  title     = {On maximal suffixes, constant-space linear-time versions of {KMP}
               algorithm},
  journal   = {Theoretical Computer Science},
  volume    = {1-3},
  number    = {299},
  pages     = {763--774},
  month    = {4},
  year      = {2003},
  issn    = {0304-3975},
  url       = {http://dx.doi.org/10.1016/S0304-3975(02)00590-X},
  doi       = {10.1016/S0304-3975(02)00590-X},
  timestamp = {Wed, 19 Nov 2003 16:11:23 +0100},
  biburl    = {http://dblp.uni-trier.de/rec/bib/journals/tcs/Rytter03a},
  bibsource = {dblp computer science bibliography, http://dblp.org}
}

@book{Sedgewick2013,
  author    = {Robert Sedgewick and
               Philippe Flajolet},
  title     = {An introduction to the analysis of algorithms},
  publisher = {Addison-Wesley},
  edition   = {2},
  year      = {2013},
  isbn      = {978-0-321-90575-8},
}

@article{Shene1997,
  author    = {Ching{-}Kuang Shene},
  title     = {An Analysis of Two In-Place Array Rotation Algorithms},
  journal   = {The Computer Journal},
  volume    = {40},
  number    = {9},
  pages     = {541--546},
  year      = {1997},
  issn = {0010-4620},
  url       = {http://dx.doi.org/10.1093/comjnl/40.9.541},
  doi       = {10.1093/comjnl/40.9.541},
  timestamp = {Tue, 28 Jun 2011 15:16:22 +0200},
  biburl    = {http://dblp.uni-trier.de/rec/bib/journals/cj/Shene97},
  bibsource = {dblp computer science bibliography, http://dblp.org}
}

@article{Shiloach1979,
  author    = {Yossi Shiloach},
  title     = {A Fast Equivalence-Checking Algorithm for Circular Lists},
  journal   = {Information Processing Letters},
  volume    = {8},
  number    = {5},
  pages     = {236--238},
  month   = {6},
  year      = {1979},
  issn = {0020-0190},
  url       = {http://dx.doi.org/10.1016/0020-0190(79)90114-5},
  doi       = {10.1016/0020-0190(79)90114-5},
  timestamp = {Thu, 07 Jul 2011 15:51:16 +0200},
  biburl    = {http://dblp.uni-trier.de/rec/bib/journals/ipl/Shiloach79b},
  bibsource = {dblp computer science bibliography, http://dblp.org}
}

@article{Shortt1978,
  author    = {Joseph Shortt},
  title     = {An Iterative Program to Calculate Fibonacci Numbers in O(log n) Arithmetic
               Operations},
  journal   = {Information Processing Letters},
  volume    = {7},
  number    = {6},
  pages     = {299--303},
  month   = {10},
  year      = {1978},
  issn = {0020-0190},
  url       = {http://dx.doi.org/10.1016/0020-0190(78)90022-4},
  doi       = {10.1016/0020-0190(78)90022-4},
  timestamp = {Thu, 07 Jul 2011 15:51:13 +0200},
  biburl    = {http://dblp.uni-trier.de/rec/bib/journals/ipl/Shortt78},
  bibsource = {dblp computer science bibliography, http://dblp.org}
}

@article{Verma1994,
  author    = {Rakesh M. Verma},
  title     = {A General Method and a Master Theorem for Divide-and-Conquer Recurrences with Applications},
  journal   = {Journal of Algorithms},
  volume    = {16},
  number    = {1},
  pages     = {67--79},
  month     = {1},
  year      = {1994},
  issn      = {0196-6774},
  url       = {http://dx.doi.org/10.1006/jagm.1994.1004},
  doi       = {10.1006/jagm.1994.1004},
  timestamp = {Fri, 01 Jul 2011 13:42:55 +0200},
  biburl    = {http://dblp.uni-trier.de/rec/bib/journals/jal/Verma94},
  bibsource = {dblp computer science bibliography, http://dblp.org}
}

@inproceedings{Williams2009,
  author    = {Aaron Williams},
  title     = {Loopless generation of multiset permutations using a constant number of variables by prefix shifts},
  booktitle = {Proceedings of the Twentieth Annual {ACM-SIAM} Symposium on Discrete Algorithms, {SODA}},
  pages     = {987--996},
  month   = {1},
  year      = {2009},
  url       = {http://dl.acm.org/citation.cfm?id=1496770.1496877},
  timestamp = {Wed, 12 Feb 2014 17:08:16 +0100},
  biburl    = {http://dblp.uni-trier.de/rec/bib/conf/soda/Williams09},
  bibsource = {dblp computer science bibliography, http://dblp.org}
}

@article{Williams2009,
  author    = {Ryan Williams},
  title     = {Finding paths of length $k$ in $O^*(2^k)$ time},
  journal   = {Information Processing Letters},
  volume    = {109},
  number    = {6},
  pages     = {315--318},
  month = {2},
  year      = {2009},
  issn = {0020-0190},
  url       = {http://dx.doi.org/10.1016/j.ipl.2008.11.004},
  doi       = {10.1016/j.ipl.2008.11.004},
  timestamp = {Thu, 03 Sep 2009 10:45:33 +0200},
  biburl    = {http://dblp.uni-trier.de/rec/bib/journals/ipl/Williams09},
  bibsource = {dblp computer science bibliography, http://dblp.org}
}

@article{Yuster1997,
  author    = {Raphael Yuster and
               Uri Zwick},
  title     = {Finding Even Cycles Even Faster},
  journal   = {{SIAM} Journal on Discrete Mathematics},
  volume    = {10},
  number    = {2},
  pages     = {209--222},
  year      = {1997},
  issn = {1095-7146},
  url       = {http://dx.doi.org/10.1137/S0895480194274133},
  doi       = {10.1137/S0895480194274133},
  timestamp = {Tue, 01 Feb 2011 14:01:58 +0100},
  biburl    = {http://dblp.uni-trier.de/rec/bib/journals/siamdm/YusterZ97},
  bibsource = {dblp computer science bibliography, http://dblp.org}
}
